<?xml version="1.0" encoding="UTF-8"?><collection xmlns="http://www.loc.gov/MARC21/slim"><record><leader>00484nam--2200133-i-4500</leader><controlfield tag="001">000004482</controlfield><controlfield tag="002">20161230</controlfield><controlfield tag="005">20161230201025</controlfield><controlfield tag="008">060222s1000------------r-----000-0-eng-d</controlfield><datafield ind1=" " ind2=" " tag="100"><subfield code="a">Dini, Dino</subfield></datafield><datafield ind1=" " ind2=" " tag="245"><subfield code="a">Applocazione della teoria della corrente unidimensionale allo studio del moto non stazionario del fluido in pulsogetti ruotanti. pubblicazioni della facolta d ingegneria di pisa, series xvii. no.833</subfield></datafield><datafield ind1=" " ind2=" " tag="260"><subfield code="a">22p., 15fig</subfield></datafield><datafield ind1=" " ind2=" " tag="490"><subfield code="a">Extras Din  L Aerotechnica</subfield></datafield><datafield ind1=" " ind2=" " tag="852"><subfield code="a">13866</subfield></datafield></record></collection>